<?xml version="1.0" encoding="UTF-8"?><record xmlns="http://www.loc.gov/MARC21/slim" xmlns:cinclude="http://apache.org/cocoon/include/1.0" xmlns:zs="http://www.loc.gov/zing/srw/">
  <leader>00374nz  a2200121n  4500</leader>
  <controlfield tag="001">nr2001001777</controlfield>
  <controlfield tag="003">DLC</controlfield>
  <controlfield tag="005">20010119051101.0</controlfield>
  <controlfield tag="008">010117n| acannaabn          |n aaa     c</controlfield>
  <datafield tag="010" ind1=" " ind2=" ">
    <subfield code="a">nr2001001777</subfield>
  </datafield>
  <datafield tag="040" ind1=" " ind2=" ">
    <subfield code="a">UkCU</subfield>
    <subfield code="b">eng</subfield>
    <subfield code="c">UkCU</subfield>
  </datafield>
  <datafield tag="100" ind1="1" ind2=" ">
    <subfield code="a">Young, Isabelle</subfield>
  </datafield>
  <datafield tag="670" ind1=" " ind2=" ">
    <subfield code="a">Asia &amp; India, 2000:</subfield>
    <subfield code="b">t.p. (Isabelle Young) p. 4 of cover (Dr. Isabelle Young) p. 7 (qualified as doctor in Britain)</subfield>
  </datafield>
</record>